<record><leader>00000cas a2200000 a 4500</leader><controlfield tag="001">5955066</controlfield><controlfield tag="008">800205d19uu1990fluer ne      0   a0eng c</controlfield><datafield ind1=" " ind2=" " tag="010"><subfield code="a">sn 84002162 </subfield></datafield><datafield ind1=" " ind2=" " tag="040"><subfield code="a">IXA</subfield><subfield code="b">eng</subfield><subfield code="c">IXA</subfield><subfield code="d">NSD</subfield><subfield code="d">IXA</subfield><subfield code="d">FUG</subfield><subfield code="d">DLC</subfield><subfield code="d">OCLCQ</subfield><subfield code="d">DLC</subfield><subfield code="d">OCLCQ</subfield><subfield code="d">OCLCF</subfield><subfield code="d">OCLCO</subfield><subfield code="d">OCLCA</subfield><subfield code="d">OCL</subfield></datafield><datafield ind1=" " ind2=" " tag="012"><subfield code="i">9102</subfield><subfield code="m">1</subfield></datafield><datafield ind1=" " ind2=" " tag="019"><subfield code="a">18438589</subfield></datafield><datafield ind1="1" ind2=" " tag="022"><subfield code="a">8750-538X</subfield><subfield code="l">8750-538X</subfield><subfield code="z">0505-8570</subfield><subfield code="2">1</subfield></datafield><datafield ind1=" " ind2=" " tag="032"><subfield code="a">622620</subfield><subfield code="b">USPS</subfield></datafield><datafield ind1="0" ind2=" " tag="041"><subfield code="a">eng</subfield><subfield code="a">spa</subfield></datafield><datafield ind1=" " ind2=" " tag="042"><subfield code="a">nsdp</subfield><subfield code="a">pcc</subfield></datafield><datafield ind1=" " ind2=" " tag="043"><subfield code="a">n-us-fl</subfield></datafield><datafield ind1="1" ind2="4" tag="050"><subfield code="a">BX1415.F5</subfield><subfield code="b">V64</subfield></datafield><datafield ind1="0" ind2=" " tag="130"><subfield code="a">Voice (Miami, Fla.)</subfield></datafield><datafield ind1=" " ind2="4" tag="222"><subfield code="a">The voice</subfield><subfield code="b">(Miami, Fla.)</subfield></datafield><datafield ind1="1" ind2="4" tag="245"><subfield code="a">The voice.</subfield></datafield><datafield ind1=" " ind2=" " tag="260"><subfield code="a">Miami, Fla. :</subfield><subfield code="b">Archdiocese of Miami,</subfield><subfield code="c">-1990.</subfield></datafield><datafield ind1=" " ind2=" " tag="300"><subfield code="a">v. :</subfield><subfield code="b">ill. ;</subfield><subfield code="c">38 cm.</subfield></datafield><datafield ind1=" " ind2=" " tag="310"><subfield code="a">Biweekly,</subfield><subfield code="b">Sept. 21, 1984-1990</subfield></datafield><datafield ind1=" " ind2=" " tag="321"><subfield code="a">Weekly,</subfield><subfield code="b">&lt;Sept. 1979&gt;-Sept. 7, 1984</subfield></datafield><datafield ind1="0" ind2=" " tag="362"><subfield code="a">-v. 37, no. 17 (Oct. 5, 1990).</subfield></datafield><datafield ind1=" " ind2=" " tag="546"><subfield code="a">In English with a section in Spanish.</subfield></datafield><datafield ind1=" " ind2=" " tag="588"><subfield code="a">Description based on: Vol. 20, no. 25 (Sept. 7, 1979).</subfield></datafield><datafield ind1="2" ind2="0" tag="610"><subfield code="a">Catholic Church</subfield><subfield code="v">Newspapers.</subfield></datafield><datafield ind1=" " ind2="0" tag="650"><subfield code="a">Hispanic Americans</subfield><subfield code="v">Newspapers.</subfield></datafield><datafield ind1=" " ind2="0" tag="651"><subfield code="a">Miami (Fla.)</subfield><subfield code="v">Newspapers.</subfield></datafield><datafield ind1=" " ind2="0" tag="651"><subfield code="a">Miami-Dade County (Fla.)</subfield><subfield code="v">Newspapers.</subfield></datafield><datafield ind1="2" ind2="7" tag="610"><subfield code="a">Catholic Church.</subfield><subfield code="2">fast</subfield><subfield code="0">(OCoLC)fst00531720</subfield></datafield><datafield ind1=" " ind2="7" tag="650"><subfield code="a">Hispanic Americans.</subfield><subfield code="2">fast</subfield><subfield code="0">(OCoLC)fst00957523</subfield></datafield><datafield ind1=" " ind2="7" tag="651"><subfield code="a">Florida</subfield><subfield code="z">Miami.</subfield><subfield code="2">fast</subfield><subfield code="0">(OCoLC)fst01213727</subfield></datafield><datafield ind1=" " ind2="7" tag="651"><subfield code="a">Florida</subfield><subfield code="z">Miami-Dade County.</subfield><subfield code="2">fast</subfield><subfield code="0">(OCoLC)fst01287298</subfield></datafield><datafield ind1=" " ind2="7" tag="655"><subfield code="a">Newspapers.</subfield><subfield code="2">fast</subfield><subfield code="0">(OCoLC)fst01423814</subfield></datafield><datafield ind1="2" ind2=" " tag="710"><subfield code="a">Catholic Church.</subfield><subfield code="b">Archdiocese of Miami (Fla.)</subfield></datafield><datafield ind1=" " ind2=" " tag="752"><subfield code="a">United States</subfield><subfield code="b">Florida</subfield><subfield code="c">Dade.</subfield></datafield><datafield ind1="0" ind2=" " tag="775"><subfield code="t">Voz catolica (Miami Shores, Fla.)</subfield><subfield code="x">1044-1883</subfield><subfield code="w">(DLC)sn 89000007</subfield><subfield code="w">(OCoLC)19704782</subfield></datafield><datafield ind1="0" ind2="4" tag="785"><subfield code="t">Florida Catholic</subfield><subfield code="g">1990</subfield><subfield code="x">0746-4584</subfield><subfield code="w">(DLC)sn 83004577</subfield><subfield code="w">(OCoLC)1381806</subfield></datafield><datafield ind1=" " ind2=" " tag="850"><subfield code="a">TxU</subfield></datafield><datafield ind1="1" ind2=" " tag="029"><subfield code="a">AU@</subfield><subfield code="b">000020347059</subfield></datafield></record>